%% This BibTeX bibliography file was created using BibDesk.
%% http://bibdesk.sourceforge.net/

%% Created for Jeffrey Varner at 2016-05-16 15:46:31 -0400 


%% Saved with string encoding Unicode (UTF-8) 



@electronic{SALIB,
	Author = {Herman, JD},
	Date-Added = {2016-05-16 19:46:28 +0000},
	Date-Modified = {2016-05-16 19:46:28 +0000},
	Title = {SALib: Sensitivity Analysis Library in Python (Numpy). Contains Sobol, Morris, Fractional Factorial and FAST methods. Available online: https://github.com/jdherman/SALib},
	Urldate = {05/16/16}}

@article{morad2015time,
	Author = {Morad, Hassan OJ and Belete, Samuel C and Read, Thomas and Shaw, Andrew M},
	Journal = {Journal of immunological methods},
	Pages = {13--18},
	Publisher = {Elsevier},
	Title = {Time-course analysis of C3a and C5a quantifies the coupling between the upper and terminal Complement pathways in vitro},
	Volume = {427},
	Year = {2015}}

@book{NUMERICAL,
	Author = {A. Quarteroni and R. Sacco and F. Saleri},
	Date-Added = {2007-07-11 08:58:01 -0400},
	Date-Modified = {2007-07-11 09:06:27 -0400},
	Publisher = {Springer},
	Series = {Texts in Applied Mathematics},
	Title = {Numerical Mathematics},
	Volume = {37},
	Year = {2000}}

@article{WALPORT2,
	Author = {M. J. Walport},
	Date-Added = {2007-07-04 09:56:30 -0400},
	Date-Modified = {2007-07-04 09:56:30 -0400},
	Journal = {N. Engl. J. Med.},
	Pages = {1140 - 1144},
	Title = {{Complement: Second of two-parts}},
	Volume = {344},
	Year = {2001}}

@article{WALPORT1,
	Author = {M. J. Walport},
	Date-Added = {2007-07-04 09:56:30 -0400},
	Date-Modified = {2007-07-04 09:56:30 -0400},
	Journal = {N. Engl. J. Med.},
	Pages = {1058 -1066},
	Title = {{Complement: First of two-parts}},
	Volume = {344},
	Year = {2001}}

@article{RAMSDELL1983,
	Author = {G. N. Newsam and J. D. Ramsdell},
	Date-Added = {2007-06-23 11:42:51 -0400},
	Date-Modified = {2007-06-23 11:42:51 -0400},
	Journal = {Siam J. Alg. Disc. Meth.},
	Pages = {404 - 418},
	Title = {{Estimation of Sparse Jacobian Matrices.}},
	Volume = {4},
	Year = {1983}}

@article{BULLINGER2005,
	Author = {T. Ei{\ss}ing and F. {Allg{\"o}wer} and E. Bullinger},
	Date-Added = {2007-06-23 11:42:51 -0400},
	Date-Modified = {2007-06-23 11:42:51 -0400},
	Journal = {IEE Proc. Sys. Biol.},
	Pages = {221 - 228},
	Title = {{Robustness properties of apoptosis models with respect to parameter variations and intrinsic noise}},
	Volume = {152},
	Year = {2005}}

@article{ALON1999,
	Author = {U. Alon and M. G. Surette and N. Barkai and S. Leibler},
	Date-Added = {2007-06-23 11:42:51 -0400},
	Date-Modified = {2007-06-23 11:42:51 -0400},
	Journal = {Nature},
	Pages = {168 - 171},
	Title = {{Robustness in bacterial chemotaxis}},
	Volume = {397},
	Year = {1999}}

@article{BARKAI1997,
	Author = {N. Barkai and S. Leibler},
	Date-Added = {2007-06-23 11:42:51 -0400},
	Date-Modified = {2007-06-23 11:42:51 -0400},
	Journal = {Nature},
	Pages = {913 - 917},
	Title = {{Robustness in simple biochemical networks}},
	Volume = {387},
	Year = {1997}}

@article{DOYLE2002,
	Author = {J. M. Carlson and J. Doyle},
	Date-Added = {2007-06-23 11:42:51 -0400},
	Date-Modified = {2007-06-23 11:42:51 -0400},
	Journal = {Proc. Natl. Acad. Sci. USA},
	Number = {2358 - 2545},
	Title = {{Complexity and robustness}},
	Volume = {99},
	Year = {2002}}

@article{DOYLE2004,
	Author = {J. Stelling and U. Sauer and Z. Szallasi and F. J. {Doyle \rm{III}} and J. Doyle},
	Date-Added = {2007-06-23 11:42:51 -0400},
	Date-Modified = {2007-06-23 11:42:51 -0400},
	Journal = {Cell},
	Pages = {675 - 685},
	Title = {{Robustness of cellular function.}},
	Volume = {118},
	Year = {2004}}

@article{ALLEN2006,
	Author = {G.A. Allen and M.Hoffman and H.R. Roberts and D.M. Monroe},
	Date-Added = {2007-02-15 15:27:51 -0500},
	Date-Modified = {2007-02-15 15:27:51 -0500},
	Journal = {Br. J. Haematology},
	Pages = {314 - 319},
	Title = {{Manipulation of prothrombin concentration improves response to high-dose factor VIIa in a cell-based model of haemophilia}},
	Volume = {134},
	Year = {2006}}

@article{LOJEK1982,
	Author = {B. Lojek},
	Date-Added = {2007-01-22 17:19:11 -0500},
	Date-Modified = {2007-01-22 17:19:11 -0500},
	Journal = {IEE Proceedings 129 Pt. G.},
	Pages = {95-88},
	Title = {Sensitivity analysis of systems of differential and algebraic equations},
	Year = {1982}}

@article{STEWART1985,
	Author = {M. Caracotsios and W.E. Stewart},
	Date-Added = {2007-01-22 17:18:55 -0500},
	Date-Modified = {2007-01-22 17:18:55 -0500},
	Journal = {Comput. Chem. Eng.},
	Pages = {359 - 365},
	Title = {Sensitivity analysis of initial value problems with mixed ODEs and algebraic equations},
	Volume = {9},
	Year = {1985}}

@article{LEIS1985,
	Author = {J.R. Leis and M.A. Kramer},
	Date-Added = {2007-01-22 17:18:49 -0500},
	Date-Modified = {2007-01-22 17:18:49 -0500},
	Journal = {Comput. Chem. Eng.},
	Pages = {93 - 96},
	Title = {Sensitivity analysis of systems of differential and algebraic equations},
	Volume = {9},
	Year = {1985}}

@article{DUNKER1984,
	Author = {A.M. Dunker},
	Date-Added = {2007-01-22 17:18:45 -0500},
	Date-Modified = {2007-01-22 17:18:45 -0500},
	Journal = {J. Chem. Phys.},
	Pages = {2385 - 2393},
	Title = {The decoupled direct method for calculating sensitivity coefficients in chemical kinetics},
	Volume = {81},
	Year = {1984}}

@article{RABITZ1981,
	Author = {M. Kramer and J.M. Calo and H. Rabitz},
	Date-Added = {2007-01-22 17:17:53 -0500},
	Date-Modified = {2007-01-22 17:17:53 -0500},
	Journal = {Appl. Math. Model},
	Pages = {432 - 441},
	Title = {An improved computational method for the sensitivity analysis - {G}reen's function method with AIM},
	Volume = {5},
	Year = {1981}}

@article{RABITZ1979,
	Author = {E.P. Dougherty and H. Rabitz},
	Date-Added = {2007-01-22 17:17:50 -0500},
	Date-Modified = {2007-01-22 17:17:50 -0500},
	Journal = {Int. J. Chem. Kinet.},
	Pages = {1237 - 1248},
	Title = {A computational algorithm for the {G}reen's function method of sensitvity analysis in chemical kinetics},
	Volume = {11},
	Year = {1979}}

@article{RABITZ1978,
	Author = {J.T. Hwang and E.P. Dougherty and S. Rabitz and H. Rabitz},
	Date-Added = {2007-01-22 17:17:47 -0500},
	Date-Modified = {2007-01-22 17:17:47 -0500},
	Journal = {J. Chem. Phys.},
	Pages = {5180 - 5191},
	Title = {The {G}reen's function method of sensitivtiy analysis in chemical kinetics},
	Volume = {69},
	Year = {1978}}

@article{KRAMER1984,
	Author = {M.A. Kramer and H. Rabitz and J.M. Calo and R.J. Kee},
	Date-Added = {2007-01-22 17:16:49 -0500},
	Date-Modified = {2007-01-22 17:16:49 -0500},
	Journal = {Int. J. Chem. Kinet.},
	Pages = {559 - 578},
	Title = {Sensitivity analysis in chemical kinetics: {R}ecent developments and computational comparisons},
	Volume = {16},
	Year = {1984}}

@article{KREMLING2004,
	Author = {{A. Kremling and S. Fischer and K. Gadkar and F.J. Doyle III and T. Sauter and E. Bullinger and F. Allg{\"o}wer and E.D. Gilles}},
	Date-Added = {2007-01-22 17:04:17 -0500},
	Date-Modified = {2007-01-22 17:04:17 -0500},
	Journal = {Genome Res.},
	Pages = {1773 - 1785},
	Title = {{A Benchmark for Methods in Reverse Engineering and Model Discrimination: Problem Formulation and Solutions}},
	Volume = {14},
	Year = {2004}}

@article{VANRIEL2006,
	Author = {N.A.W. van Riel and E.D. Sontag},
	Date-Added = {2007-01-22 17:03:52 -0500},
	Date-Modified = {2007-01-22 17:03:52 -0500},
	Journal = {IEE Proc. Sys. Biol.},
	Pages = {263 - 274},
	Title = {{Parameter estimation in models combining signal transduction and metabolic pathways: the dependent input approach}},
	Volume = {153},
	Year = {2006}}

@article{STELLING2004,
	Author = {J. Stelling and E.D. Gilles and F.J. {Doyle \rm{III}}},
	Date-Added = {2007-01-22 17:03:37 -0500},
	Date-Modified = {2007-01-22 17:03:37 -0500},
	Journal = {Proc. Natl. Acad. Sci. USA},
	Pages = {13210 - 13215},
	Title = {{Robustness properties of circadian clock architectures}},
	Volume = {101},
	Year = {2004}}

@article{KHOLODENKO2002,
	Author = {B.N. Kholodenko and A. Kiyatkin and F.J. Bruggeman and E. Sontag and H.V. Westerhoff and J.B. Hoek},
	Date-Added = {2007-01-22 17:03:23 -0500},
	Date-Modified = {2007-01-22 17:03:23 -0500},
	Journal = {Proc. Natl. Acad. Sci. USA},
	Pages = {12841 - 12846},
	Title = {{Untangling the wires: a strategy to trace functional interactions in signaling and gene networks}},
	Volume = {99},
	Year = {2002}}

@article{GADKAR2005,
	Author = {K.G. Gadkar and J. Varner and F.J. {Doyle \rm{III}}},
	Date-Added = {2007-01-22 17:03:12 -0500},
	Date-Modified = {2007-01-22 17:03:12 -0500},
	Journal = {Sys. Biol.},
	Pages = {17-30},
	Title = {Model identification of signal transduction networks from data using a state regulator problem},
	Volume = {2},
	Year = {2005}}

@article{GADKAR2005b,
	Author = {{K.G. Gadkar and R. Gunawan and F. J Doyle III}},
	Date-Added = {2007-01-22 17:03:06 -0500},
	Date-Modified = {2007-01-22 17:03:06 -0500},
	Journal = {BMC Bioinformatics},
	Pages = {155 - 175},
	Title = {{Iterative approach to model identification of biological networks}},
	Volume = {6},
	Year = {2005}}

@article{SONTAG2004,
	Author = {E. Sontag and A. Kiyatkin and B.N. Kholodenko},
	Date-Added = {2007-01-22 17:03:01 -0500},
	Date-Modified = {2007-01-22 17:03:01 -0500},
	Journal = {Bioinformatics},
	Pages = {1877 - 1886},
	Title = {{Inferring dynamic architecture of cellular networks using time series of gene expression, protein and metabolite data.}},
	Volume = {20},
	Year = {2004}}

@article{CHO2003,
	Author = {K-H. Cho and S-Y. Shin and W. Kolch and O. Wolkenhauer},
	Date-Added = {2007-01-22 17:02:54 -0500},
	Date-Modified = {2007-01-22 17:02:54 -0500},
	Journal = {Simulation},
	Pages = {726 - 739},
	Title = {{Experimental Design in Systems Biology, Based on Parameter Sensitivity Analysis Using a Monte Carlo Method: A Case Study for the TNF$\alpha$-Mediated NF-$\beta$-Signal Transduction Pathway}},
	Volume = {79},
	Year = {2003}}

@article{CHO2005,
	Author = {K.Cho and S-M. Choo and P. Wellstead and O.Wolkenhauer},
	Date-Added = {2007-01-22 17:02:43 -0500},
	Date-Modified = {2007-01-22 17:02:43 -0500},
	Journal = {FEBS Letters},
	Pages = {4520 - 4528},
	Title = {{A unified framework for unraveling the functional interaction structure of a biomolecular network based on stimulus-response experimental data}},
	Volume = {579},
	Year = {2005}}
