%% This BibTeX bibliography file was created using BibDesk.
%% http://bibdesk.sourceforge.net/

%% Created for Jeffrey Varner at 2016-06-07 17:27:05 -0400 


%% Saved with string encoding Unicode (UTF-8) 



@article{OG_COMPLEMENT_REF,
	Author = {Nuttall, G},
	Date-Added = {2016-06-07 21:23:53 +0000},
	Date-Modified = {2016-06-07 21:26:44 +0000},
	Journal = {Z. Hyg. Infektionskr.},
	Pages = {353-394},
	Title = {{Experimente {\"u}ber die bacterienfeindlichen Einfl{\"u}sse des thierischen K{\"o}rpers}},
	Volume = {4},
	Year = {1888}}
