@article {WRCR:WRCR10694,
author = {Tolson, Bryan A. and Shoemaker, Christine A.},
title = {Dynamically dimensioned search algorithm for computationally efficient watershed model calibration},
journal = {Water Resources Research},
volume = {43},
number = {1},
issn = {1944-7973},
url = {http://dx.doi.org/10.1029/2005WR004723},
doi = {10.1029/2005WR004723},
pages = {n/a--n/a},
keywords = {Watershed, Model calibration, Modeling, automatic calibration, distributed watershed modeling, Global optimization},
year = {2007},
note = {W01413},
}
